@Article{siena.lectures,
  author = 	 "Per Martin-L{\"o}f",
  title = 	 "On the meanings of the logical constants and the justifications of the logical laws",
  journal =	 "Nordic Journal of Philosophical Logic",
  year =	 1996,
  volume =	 1,
  number =	 "1",
  pages =	 "11--60",
}


@Misc{mva:personal,
  author = {Mark van Atten},
  howpublished = {personal communication},
  year = 2015
}

@incollection{sundholm-mva,
year={2008},
isbn={978-3-7643-8652-8},
booktitle={One Hundred Years of Intuitionism (1907--2007)},
series={Publications des Archives Henri Poincar{\'e} / Publications of the Henri Poincar{\'e} Archives},
editor={van Atten, Mark and Boldini, Pascal and Bourdeau, Michel and Heinzmann, Gerhard},
doi={10.1007/978-3-7643-8653-5_5},
title={The proper explanation of intuitionistic logic: on Brouwer’s demonstration of the Bar Theorem},
url={http://dx.doi.org/10.1007/978-3-7643-8653-5_5},
publisher={Birkhäuser Basel},
author={Sundholm, G{\"o}ran and van Atten, Mark},
pages={60-77},
language={English}
}

@incollection{dybjer:testing,
  added-at = {2013-01-09T00:00:00.000+0100},
  author = {Dybjer, Peter},
  biburl = {http://www.bibsonomy.org/bibtex/29f58df148d7e4cd76ff17b2d1e022b68/dblp},
  booktitle = {Epistemology versus Ontology},
  editor = {Dybjer, Peter and Lindstr{\"o}m, Sten and Palmgren, Erik and Sundholm, G{\"o}ran},
  ee = {http://dx.doi.org/10.1007/978-94-007-4435-6_11},
  interhash = {1f9271b1190a16b444a119667814a785},
  intrahash = {9f58df148d7e4cd76ff17b2d1e022b68},
  isbn = {978-94-007-4435-6},
  keywords = {dblp},
  pages = {215-241},
  publisher = {Springer},
  series = {Logic, Epistemology, and the Unity of Science},
  timestamp = {2013-01-10T11:39:47.000+0100},
  title = {Program Testing and the Meaning Explanations of Intuitionistic Type Theory.},
  url = {http://dblp.uni-trier.de/db/series/leus/leus27.html#Dybjer12a},
  volume = 27,
  year = 2012
}
@incollection{Prawitz12,
  added-at = {2013-01-09T00:00:00.000+0100},
  author = {Prawitz, Dag},
  biburl = {http://www.bibsonomy.org/bibtex/2ae143357cae66b26c4630bbcf16b4672/dblp},
  booktitle = {Epistemology versus Ontology},
  editor = {Dybjer, Peter and Lindstr{\"o}m, Sten and Palmgren, Erik and Sundholm, G{\"o}ran},
  ee = {http://dx.doi.org/10.1007/978-94-007-4435-6_3},
  interhash = {db66878c8a975bb2ce7b3cfd77eeb576},
  intrahash = {ae143357cae66b26c4630bbcf16b4672},
  isbn = {978-94-007-4435-6},
  keywords = {dblp},
  pages = {45-67},
  publisher = {Springer},
  series = {Logic, Epistemology, and the Unity of Science},
  timestamp = {2013-01-10T11:39:48.000+0100},
  title = {Truth and Proof in Intuitionism.},
  url = {http://dblp.uni-trier.de/db/series/leus/leus27.html#Prawitz12},
  volume = 27,
  year = 2012
}

@book{HeytingA:int,
 author		= {Heyting, Arend},
 title		= {Intuitionism, an Introduction},
 publisher	= {North-Holland},
 series		= {Studies in Logic and the Foundations of Mathematics},
 year		= 1956,
 note		= {Revised edition, 1966}}



@book{Dummett:Elements,
  added-at = {2009-03-20T11:10:57.000+0100},
  address = {New York},
  author = {Dummett, Michael},
  biburl = {http://www.bibsonomy.org/bibtex/29965e1c1aa0bc014f36d57e44e84a673/bo198214},
  edition = {Second},
  interhash = {63db5cec0efc0139880c7af87052d575},
  intrahash = {9965e1c1aa0bc014f36d57e44e84a673},
  isbn = {0-19-850524-8},
  keywords = {imported},
  mrclass = {03F55 (03-02 03B20)},
  mrnumber = {MR1815706 (2002a:03122)},
  mrreviewer = {Wim Ruitenburg},
  pages = {xii+331},
  publisher = {The Clarendon Press Oxford University Press},
  series = {Oxford Logic Guides},
  timestamp = {2009-03-20T11:10:58.000+0100},
  title = {Elements of intuitionism},
  volume = 39,
  year = 2000
}

@misc{sterling:diaconescu,
Author = {Jonathan Sterling},
title = {Note on Diaconescu's Theorem},
type = {Blog},
number = {April 24},
year = {2015},
note = {\url{http://www.jonmsterling.com/posts/2015-04-24-note-on-diaconescus-theorem.html/}}
}

@book{PFPL,
 author = {Harper, Robert},
 title = {Practical Foundations for Programming Languages},
 year = {2012},
 isbn = {1107029570, 9781107029576},
 publisher = {Cambridge University Press},
 address = {New York, NY, USA},
}


@phdthesis{zeilberger:thesis,
	author = {Noam Zeilberger},
	title = {The logical basis of evaluation order and pattern-matching},
	year = {2009},
  school = {Carnegie Mellon University}
}

@INPROCEEDINGS{licata-zeilberger-harper:focusing,
author={Licata, D.R. and Zeilberger, N. and Harper, R.},
booktitle={Logic in Computer Science, 2008. LICS '08. 23rd Annual IEEE Symposium on},
title={Focusing on Binding and Computation},
year={2008},
month={June},
pages={241-252},
keywords={computational linguistics;pattern matching;process algebra;programming languages;theorem proving;Curry-Howard interpretation;focused sequent calculus;inference rules;logical systems;pattern matching;programming language;proof theory;recursive functions;syntax;variable binding;Calculus;Computer languages;Computer science;Databases;Embedded computing;Functional programming;Logic programming;Pattern analysis;Pattern matching;Reflection;binding;computation;logical frameworks;polarity;sequent calculus},
doi={10.1109/LICS.2008.48},
ISSN={1043-6871},}

@article{zeilberger:2008,
 author = {Zeilberger, Noam},
 title = {Focusing and Higher-order Abstract Syntax},
 journal = {SIGPLAN Not.},
 issue_date = {January 2008},
 volume = {43},
 number = {1},
 month = jan,
 year = {2008},
 issn = {0362-1340},
 pages = {359--369},
 numpages = {11},
 url = {http://doi.acm.org/10.1145/1328897.1328482},
 doi = {10.1145/1328897.1328482},
 acmid = {1328482},
 publisher = {ACM},
 address = {New York, NY, USA},
 keywords = {focusing, higher-order abstract syntax, pattern-matching},
}

